%% months
@string { jan = "{\bibstring{january}}" }
@string { feb = "{\bibstring{february}}" }
@string { mar = "{\bibstring{march}}" }
@string { apr = "{\bibstring{april}}" }
@string { may = "{\bibstring{may}}" }
@string { jun = "{\bibstring{june}}" }
@string { jul = "{\bibstring{july}}" }
@string { aug = "{\bibstring{august}}" }
@string { sep = "{\bibstring{september}}" }
@string { oct = "{\bibstring{october}}" }
@string { nov = "{\bibstring{november}}" }
@string { dec = "{\bibstring{december}}" }
@string { spring = "{\bibstring{spring}}" }
@string { summer = "{\bibstring{summer}}" }
@string { autumn = "{\bibstring{autumn}}" }
@string { winter = "{\bibstring{winter}}" }

%%authors
@string { a_aaronson_scott = "Scott Aaronson" }
@string { a_aarts_emile_h_l = "Emile H.\ L.\ Aarts" }
@string { a_abdelmaguid_tamer_f = "Tamer F.\ Abdelmaguid" }
@string { a_adams_joseph = "Joseph Adams" }
@string { a_adamidis_panagiotis = "Panagiotis Adamidis" }
@string { a_allahverdi_ali = "Ali Allahverdi" }
@string { a_applegate_david_lee = "David Lee Applegate" }
@string { a_arantes_leonardo = "Leonardo Arantes" }
@string { a_bachem_achim = "Achim Bachem" }
@string { a_bachmann_paul_gustav_heinrich = "Paul Gustav Heinrich Bachmann" }
@string { a_bai_ruibin = "Ruibin Bai" }
@string { a_balas_egon = "Egon Balas" }
@string { a_banerji_ranan_b = "Ranan B.\ Banerji" }
@string { a_beasley_john_edward = "John Edward Beasley" }
@string { a_beckmann_martin = "Martin Beckmann" }
@string { a_bernaden_john = "John Bernaden" }
@string { a_beyer_hans_georg = "Hans{-}Georg Beyer" }
@string { a_bierwirth_christian = "Christian Bierwirth" }
@string { a_bixby_robert_e = "Robert E.\ Bixby" }
@string { a_blazewicz_jacek = "Jacek B{\l}a{\.z}ewicz" }
@string { a_bohlinger_jean_d = "Jean D.\ Bohlinger" }
@string { a_brabazon_anthony = "Anthony Brabazon" }
@string { a_bronstein_alexander_m = "Alexander M.\ Bronstein" }
@string { a_bronstein_michael_m = "Michael M.\ Bronstein" }
@string { a_bui_tung_x = "Tung X.\ Bui" }
@string { a_burkard_rainer_e = "Rainer E.\ Burkard" }
@string { a_cagnoni_stefano = "Stefano Cagnoni" }
@string { a_cheng_runwei = "Runwei Cheng" }
@string { a_chvatal_vasek = "Va{\v{s}}ek Chv{\'a}tal" }
@string { a_cela_eranda = "Eranda {\c{C}}ela" }
@string { a_chen_bo = "Bo Chen" }
@string { a_cheng_edwin_tai_chiu = "Edwin Tai Chiu Cheng" }
@string { a_chiong_raymond = "Raymond Chiong" }
@string { a_chretienne_philippe = "Philippe Chr{\'e}tienne" }
@string { a_coffman_edward_g = "Edward G.\ Coffman" }
@string { a_cook_stephen_arthur = "Stephen Arthur Cook" }
@string { a_cook_william_john = "William John Cook" }
@string { a_davis_jim = "Jim Davis" }
@string { a_de_causmaecker_patrick = "Patrick {De Causmaecker}" }
@string { a_delorme_maxence = "Maxence Delorme" }
@string { a_demirkol_ebru = "Ebru Demirkol" }
@string { a_dhakal_sandeep = "Sandeep Dhakal" }
@string { a_di_caro_gianni_a = "Gianni A.\ {Di Caro}" }
@string { a_domschke_wolfgang = "Wolfgang Domschke" }
@string { a_du_ding_zhu = "Ding{-}Zhu Du" }
@string { a_dyckhoff_harald = "Harald Dyckhoff" }
@string { a_ebeling_werner = "Werner Ebeling" }
@string { a_edgar_thomas_f = "Thomas F.\ Edgar" }
@string { a_ekart_aniko = "Anik{\'o} Ek{\'a}rt" }
@string { a_esparcia_alcazar_anna_isabel = "Anna Isabel {Esparcia-Alc{\'a}zar}" }
@string { a_espinoza_daniel_g = "Daniel G.\ Espinoza" }
@string { a_farooq_muddassar = "Muddassar Farooq" }
@string { a_fernandez_villacanas_jose_luis = "Jos{\'e}-Luis {Fern{\'a}ndez{-}Villaca{\~n}as}" }
@string { a_fink_andreas = "Andreas Fink" }
@string { a_finke_ute = "Ute Finke" }
@string { a_fisher_henry = "Henry Fisher" }
@string { a_fogel_david_b = "David B.\ Fogel" }
@string { a_friedrich_tobias = "Tobias Friedrich" }
@string { a_fukuda_takashi = "Takashi Fukuda" }
@string { a_garey_michael_r = "Michael R.\ Garey" }
@string { a_geihs_kurt = "Kurt Geihs" }
@string { a_gen_mitsuo = "Mitsuo Gen" }
@string { a_gharbi_anis = "Anis Gharbi" }
@string { a_giacobini_mario = "Mario Giacobini" }
@string { a_gonzalez_arce_teofilo_francisco = "Teofilo Francisco {Gonzalez Arce}" }
@string { a_gorldt_christian = "Christian Gorldt" }
@string { a_goycoolea_marcos = "Marcos Goycoolea" }
@string { a_graham_ronald_lewis = "Ronald Lewis Graham" }
@string { a_graves_stephen_c = "Stephen C.\ Graves" }
@string { a_grendrau_michel = "Michel Gendreau" }
@string { a_groetschel_martin = "Martin Gr{\"o}tschel" }
@string { a_gutin_gregory_z = "Gregory Z.\ Gutin" }
@string { a_hammer_peter_l = "Peter L.\ Hammer" }
@string { a_harrison_michael_a = "Michael A. Harrison" }
@string { a_helsgaun_keld = "Keld Helsgaun" }
@string { a_henning_andre = "Andr{\'e} Henning" }
@string { a_hermann_mario = "Mario Hermann" }
@string { a_iida_masanobu = "Masanobu Iida" }
@string { a_iima_hitoshi = "Hitoshi Iima" }
@string { a_iori_manuel = "Manuel Iori" }
@string { a_jain_anant_singh = "Anant Singh Jain" }
@string { a_john_robert_i = "Robert I.\ John" }
@string { a_johnson_david_stiffler = "David Stifler Johnson" }
@string { a_johnson_e_l = "E.\ L.\ Johnson" }
@string { a_johnson_selmer_martin = "Selmer Martin Johnson" }
@string { a_juenger_michael = "Michael J{\"u}nger" }
@string { a_karp_richard_m = "Richard M.\ Karp" }
@string { a_kendall_graham = "Graham Kendall" }
@string { a_kikuchi_katsuhiro = "Katsuhiro Kikuchi" }
@string { a_klein_robert = "Robert Klein" }
@string { a_kimmel_ron = "Ron Kimmel" }
@string { a_knowles_joshua_d = "Joshua Damian Knowles" }
@string { a_kobayashi_shigenobu = "Shigenobu Kobayashi" }
@string { a_koopmans_tjalling_charles = "Tjalling Charles Koopmans" }
@string { a_kopfer_herbert = "Herbert Kopfer" }
@string { a_korte_bernhard_h = "Bernhard H.\ Korte" }
@string { a_kovalyov_mikhail_y = "Mikhail Y.\ Kovalyov" }
@string { a_kubota_erika = "Erika Kubota" }
@string { a_labidi_mohamed = "Mohamed Labidi" }
@string { a_laborie_philippe = "Philippe Laborie" }
@string { a_landau_edmund = "Edmund Landau" }
@string { a_lawler_eugene_leighhton = "Eugene Leighton Lawler" }
@string { a_lawrence_stephen_r = "Stephen R.\ Lawrence" }
@string { a_lenstra_jan_karel = "Jan Karel Lenstra" }
@string { a_li_jiawei = "Jiawei Li" }
@string { a_liu_weichen = "Weichen Liu" }
@string { a_liu_zhen = "Zhen Liu" }
@string { a_lodi_anrea = "Andrea Lodi" }
@string { a_machado_penousal = "Penousal Machado" }
@string { a_maeda_tatsuo = "Tatsuo Maeda" }
@string { a_manderick_bernard = "Bernard Manderick" }
@string { a_manner_reinhard = "Reinhard M{\"a}nner" }
@string { a_martello_silvano = "Silvano Martello" }
@string { a_matsumura_tsuyoshi = "Tsuyoshi Matsumura" }
@string { a_mattfeld_dirk_c = "Dirk C.\ Mattfeld " }
@string { a_mccollum_barry = "Barry {McCollum}" }
@string { a_mccormack_jon = "Jon {McCormack}" }
@string { a_meeran_sheik = "Sheik Meeran" }
@string { a_mehta_sanjay_v = "Sanjay V.\ Mehta" }
@string { a_merelo_guervos_juan_julian = "Juan Juli{\'a}n {Merelo Guerv{\'o}s}" }
@string { a_michalewicz_matthew = "Matthew Michalewicz" }
@string { a_michalewicz_zbigniew = "Zbigniew Michalewicz" }
@string { a_michel_laurent = "Laurent Michel" }
@string { a_miller_raymond_e = "Raymond E.\ Miller" }
@string { a_monaci_michele = "Michele Monaci" }
@string { a_muth_john_f = "John F.\ Muth" }
@string { a_nagata_yuichi = "Yuichi Nagata" }
@string { a_nakano_ryohei = "Ryohei Nakano" }
@string { a_nakatani_koji = "Koji Nakatani" }
@string { a_neri_ferrante = "Ferrante Neri" }
@string { a_neumann_frank = "Frank Neumann" }
@string { a_ng_chi_to_daniel = "Chi{-}To Daniel Ng" }
@string { a_oneill_michael = "Michael {O'Neill}" }
@string { a_otto_boris = "Boris Otto" }
@string { a_pardalos_panos_m = "Panos Miltiades Pardalos" }
@string { a_pentek_tobias = "Tobias Pentek" }
@string { a_pesch_erwin = "Erwin Pesch" }
@string { a_pinedo_michael_l = "Michael L.\ Pinedo" }
@string { a_pitsoulis_leonidas_s = "Leonidas S.\ Pitsoulis" }
@string { a_podlich_alexander = "Alexander Podlich" }
@string { a_porter_james = "James Porter" }
@string { a_potts_chris_n = "Chris N.\ Potts" }
@string { a_preuss_mike = "Mike Preu{\ss}" }
@string { a_punnen_abraham_p = "Abraham P.\ Punnen" }
@string { a_qu_rong = "Rong Qu" }
@string { a_rechenberg_ingo = "Ingo Rechenberg" }
@string { a_reinelt_gerhard = "Gerhard Reinelt" }
@string { a_reinhard_kai = "Kai Reinhard" }
@string { a_rinnooy_kan_a_h_k = "Alexander Hendrik George {Rinnooy Kan}" }
@string { a_rothlauf_franz = "Franz Rothlauf" }
@string { a_sabar_nasser = "Nasser Sabar" }
@string { a_sahni_sartaj = "Sartaj Sahni" }
@string { a_sannomiya_nobu = "Nobuo Sannomiya" }
@string { a_sarli_michael = "Michael Sarli" }
@string { a_scheithauer_guntram = "Guntram Scheithauer" }
@string { a_schwefel_hans_paul = "Hans{-}Paul Schwefel" }
@string { a_sethi_ravi = "Ravi Sethi" }
@string { a_shaw_paul = "Paul Shaw" }
@string { a_shi_guoyong = "Guoyong Shi" }
@string { a_shmoys_david_b = "David B.\ Shmoys" }
@string { a_shylo_oleg_v = "Oleg V.\ Shylo" }
@string { a_siarry_patrick = "Patrick Siarry" }
@string { a_sprague_jr_ralph_h = "Ralph H.\ {Sprague Jr.}" }
@string { a_storer_robert_h = "Robert H.\ Storer" }
@string { a_strusevich_vitaly_a = "Vitaly A.\ Strusevich" }
@string { a_sutton_andrew_m = "Andrew M. Sutton" }
@string { a_taillard_eric_d = "{\'E}ric D.\ Taillard" }
@string { a_tarantino_ernesto = "Ernesto Tarantino" }
@string { a_thatcher_james_w = "James W.\ Thatcher" }
@string { a_thompson_gerald_l = "Gerald L.\ Thompson" }
@string { a_toth_paolo = "Paolo Toth" }
@string { a_tsujimura_yasuhiro = "Yasuhiro Tsujimura" }
@string { a_ullman_jeffrey_d = "Jeffrey D.\ Ullman" }
@string { a_uzsoy_reha = "Reha Uzsoy" }
@string { a_vaccari_renzo = "Renzo Vaccari" }
@string { a_vaessens_rob_j_m = "Rob J.\ M.\ Vaessens" }
@string { a_van_hoorn_jelke_jeron = "Jelke Jeroen {van Hoorn}" }
@string { a_vanden_berghe_greet = "Greet {Vanden Berghe}" }
@string { a_vilim_petr = "Petr Vil{\'i}m" }
@string { a_voigt_hans_michael = "Hans{-}Michael Voigt" }
@string { a_watson_richard_a = "Richard A.\ Watson" }
@string { a_weise_thomas = "Thomas Weise" }
@string { a_werner_frank = "Frank Werner" }
@string { a_whitley_l_darrell = "L.\ Darrell Whitley" }
@string { a_wilson_james_m = "James M.\ Wilson" }
@string { a_woeginger_gerhard_j = "Gerhard J.\ Woeginger" }
@string { a_wu_david_s = "S.\ David Wu" }
@string { a_wu_yuezhong = "Yuezhong Wu" }
@string { a_yamada_takeshi = "Takeshi Yamada" }
@string { a_yang_shengxiang = "Shengxiang Yang" }
@string { a_yee_angelina = "Angelina Yee" }
@string { a_zawack_daniel = "Daniel Zawack" }
@string { a_zipkin_paul_h = "Paul H.\ Zipkin" }

%% publishers
@string { p_acm = "{Association for Computing Machinery~({ACM})}" }
@string { p_carnegie_mellon_university_gsoia = "{Carnegie-Mellon University, Graduate School of Industrial Administration ({GSIA})}" }
@string { p_elsevier = "{Elsevier}" }
@string { p_elsevier_science = "{Elsevier Science Inc.}" }
@string { p_freeman_and_company = "{W.\ H.\ Freeman and Company}" }
@string { p_friedrich_schiller_uni_jena_mi = "{Friedrich-Schiller-Universit{\"a}t Jena, Fakult{\"a}t f{\"u}r Mathematik und Informatik}" }
@string { p_hybrid_publishers = "{Hybrid Publishers}" }
@string { p_iao = "{Institute of Applied Optimization, Hefei University}" }
@string { p_ieee = "{IEEE}" }
@string { p_ieee_compsoc = "{{IEEE} Computer Society}" }
@string { p_ieee_compsoc_press = p_ieee_compsoc # " Press" }
@string { p_informs = "{The Institute for Operations Research and the Management Sciences}" }
@string { p_kluwer_usa = "{Kluwer Academic Publishers}" }
@string { p_north_holland = "{North-Holland Scientific Publishers Ltd.}" }
@string { p_nova_science_publishers = "{Nova Science Publishers}" }
@string { p_orsa = "{Operations Research Society of America}" }
@string { p_physika_verlag = "{Physica-Verlag}" }
@string { p_prentice_hall = "{Prentice-Hall}" }
@string { p_princeton_university_press = "{Princeton University Press}" }
@string { p_railway_technical_research_institute = "{Railway Technical Research Institute}" }
@string { p_sage_publications_inc = "{{SAGE} Publications Inc.}" }
@string { p_sage_publications_ltd = "{{SAGE} Publications Ltd.}" }
@string { p_scientific_research_publishing_inc = "{Scientific Research Publishing Inc. ({SCIRP})}"}
@string { p_siam = "{Society for Industrial and Applied Mathematics Publications~({SIAM})}" }
@string { p_springer_boston = "{Springer}" }
@string { p_springer_international_publishing = "{Springer International Publishing~{AG}}" }
@string { p_springer_nature_america = "{Springer Nature America, Inc.}" }
@string { p_springer_nature_switzerland = "{Springer Nature America {AG}}" }
@string { p_springer_new_york = "{Springer}" }
@string { p_springer_science_business_media = "{Springer Science+Business Media, {LLC}}" }
@string { p_springer_switzerland = "{Springer}" }
@string { p_springer_verlag_gmbh = "{Springer-Verlag {GmbH}}" }
@string { p_taylor_and_francis = "{Taylor and Francis Ltd.}" }
@string { p_technion_cs = "{Technion {--} Israel Institute of Technology}, {Computer Science Department}" }
@string { p_teubner_b_g = "{B.\ G.\ Teubner}" }
@string { p_unicom_seminars = "{{UNICOM} Seminars Ltd.}" }
@string { p_university_of_applied_sciences_western_switzerland = "{University of Applied Sciences of Western Switzerland}" }
@string { p_university_of_waterloo_dco = "{University of Waterloo, Department of Combinatorics and Optimization}" } 
@string { p_vrije_universiteit_amsterdam = "{Vrije Universiteit Amsterdam}" }
@string { p_wiley_and_sons_ltd = "{John Wiley and Sons Ltd.}" }
@string { p_wiley_blackwell = "{Wiley-Blackwell Publishing Ltd.}" }
@string { p_wiley_interscience_uk = "{Wiley Interscience}" }

%% locations
@string { l_au_ormond = "{{Ormond}, {VIC}, {Australia}}" }
@string { l_belgium_brussels = "{{Brussels}, {Belgium}}" }
@string { l_canada_waterloo = "{{Waterloo}, {ON}, {Canada}}" }
@string { l_china_hefei = "{{Hefei}, {Anhui}, {China}}" }
@string { l_germany_berlin = "{{Berlin}, {Germany}}" }
@string { l_germany_bonn = "{{Bonn}, {North Rhine-Westphalia}, {Germany}}" }
@string { l_germany_heidelberg = "{{Heidelberg}, {Baden-W{\"u}rttemberg}, {Germany}}" }
@string { l_germany_jena = "{{Jena}, {Th{\"u}ringen}, {Germany}}" }
@string { l_germany_leipzig = "{{Leipzig}, {Sachsen}, {Germany}}" }
@string { l_germany_tubingen = "{{T{\"u}bingen}, {Baden-W{\"u}rttemberg}, {Germany}}" }
@string { l_israel_haifa = "{{Israel}, {Haifa}}" }
@string { l_japan_kobe = "{{Kobe}, {Japan}}" }
@string { l_japan_tokyo = "{{Tokyo}, {Japan}}"}
@string { l_netherlands_amsterdam = "{{Amsterdam}, {The Netherlands}}" }
@string { l_spain_barcelona = "{{Barcelona}, {Spain}}" }
@string { l_spain_granada = "{{Granada}, {Spain}}" }
@string { l_switzerland_cham = "{{Cham}, {Switzerland}}" }
@string { l_switzerland_yverdon = "{{Yverdon}, {Switzerland}}" }
@string { l_usa_atlanta = "{{Atlanta}, {GA}, {USA}}" }
@string { l_usa_catonsville = "{{Catonsville}, {MD}, {USA}}" }
@string { l_usa_boston = "{{Boston}, {MA}, {USA}}" }
@string { l_usa_denver = "{{Denver}, {CO}, {USA}}" }
@string { l_usa_englewood_cliffs = "{{Englewood Cliffs}, {NJ}, {USA}}" }
@string { l_usa_hauppauge = "{{Hauppauge}, {NY}, {USA}}" }
@string { l_usa_hoboken = "{{Hoboken State}, {NJ}, {USA}}" }
@string { l_usa_knoxville = "{{Knoxville}, {TN}, {USA}}" }
@string { l_usa_kola = "{{Koloa}, {HI}, {USA}}" }
@string { l_usa_los_alamitos = "{{Los Alamitos}, {CA}, {USA}}" }
@string { l_usa_los_angeles = "{{Los Angeles}, {CA}, {USA}}" }
@string { l_usa_new_york = "{{New York}, {NY}, {USA}}" }
@string { l_usa_norwell = "{{Norwell}, {MA}, {USA}}" }
@string { l_usa_philadelphia = "{{Philadelphia}, {PA}, {USA}}" }
@string { l_usa_piscataway = "{{Piscataway}, {NJ}, {USA}}" }
@string { l_usa_pittsburgh = "{{Pittsburgh}, {PA}, {USA}}" }
@string { l_usa_princeton = "{{Princeton}, {NJ}, {USA}}" }
@string { l_usa_shaker_heights = "{{Shaker Heights}, {OH}, {USA}}" }
@string { l_usa_san_antonio = "{{San Antonio}, {TX}, {USA}}" }
@string { l_usa_thousand_oaks = "{{Thousand Oaks}, {CA}, {USA}}" }
@string { l_usa_washington = "{{Washington}, {DC}, {USA}}" }
@string { l_uk_chichester = "{{Chichester}, {West Sussex}, {England}, {UK}}" }
@string { l_uk_london = "{{London}, {England}, {UK}}" }
@string { l_uk_uxbridge = "{{Uxbridge}, {London}, {England}, {UK}}" }

%% publisher addresses
@string { pa_acm = l_usa_new_york }
@string { pa_carnegie_mellon_university_gsoia = l_usa_pittsburgh }
@string { pa_elsevier = l_netherlands_amsterdam }
@string { pa_elsevier_science = l_usa_new_york }
@string { pa_hybrid_publishers = l_au_ormond }
@string { pa_iao = l_china_hefei }
@string { pa_ieee = l_usa_piscataway }
@string { pa_ieee_compsoc = l_usa_washington }
@string { pa_ieee_compsoc_press = l_usa_los_alamitos }
@string { pa_informs = l_usa_catonsville }
@string { pa_freeman_and_company = l_usa_new_york }
@string { pa_friedrich_schiller_uni_jena_mi = l_germany_jena }
@string { pa_kluwer_usa = l_usa_norwell }
@string { pa_north_holland = l_netherlands_amsterdam }
@string { pa_nova_science_publishers = l_usa_hauppauge }
@string { pa_physika_verlag = l_germany_heidelberg }
@string { pa_prentice_hall = l_usa_englewood_cliffs }
@string { pa_princeton_university_press = l_usa_princeton }
@string { pa_railway_technical_research_institute = l_japan_tokyo }
@string { pa_sage_publications_inc = l_usa_thousand_oaks }
@string { pa_sage_publications_ltd = l_uk_london }
@string { pa_siam = l_usa_philadelphia }
@string { pa_scientific_research_publishing_inc = l_usa_los_angeles }
@string { pa_springer_boston = l_usa_boston }
@string { pa_springer_international_publishing = l_switzerland_cham }
@string { pa_springer_nature_america = l_usa_new_york }
@string { pa_springer_nature_switzerland = l_switzerland_cham }
@string { pa_springer_new_york = l_usa_new_york }
@string { pa_springer_science_business_media = l_switzerland_cham }
@string { pa_springer_switzerland = l_switzerland_cham }
@string { pa_springer_verlag_gmbh = "{{Berlin/Heidelberg}, {Germany}}" }
@string { pa_taylor_and_francis = l_uk_london }
@string { pa_technion_cs = l_israel_haifa }
@string { pa_teubner_b_g = l_germany_leipzig }
@string { pa_unicom_seminars = l_uk_uxbridge }
@string { pa_university_of_applied_sciences_western_switzerland = l_switzerland_yverdon }
@string { pa_university_of_waterloo_dco = l_canada_waterloo }
@string { pa_vrije_universiteit_amsterdam = l_netherlands_amsterdam }
@string { pa_wiley_and_sons_ltd = l_uk_chichester }
@string { pa_wiley_blackwell = l_usa_hoboken }
@string { pa_wiley_interscience_uk = l_uk_chichester }


%% journals
@xdata{j_cace,
 journal = {Computers {\&} Chemical Engineering},
 issn = {0098-1354},
 publisher = p_elsevier,
 address = pa_elsevier
}

@xdata{j_caie,
 journal = {Computers {\&} Industrial Engineering},
 issn = {0360-8352},
 publisher = p_elsevier,
 address = pa_elsevier
}

@xdata{j_econ,
 journal = {Econometrica},
 issn = {0012-9682},
 origpublisher = {The Econometric Society},
 publisher = p_wiley_blackwell,
 address = pa_wiley_blackwell
}

@xdata{j_ejor,
 journal = {European Journal of Operational Research ({EJOR})},
 issn = {0377-2217},
 publisher = p_elsevier,
 address = pa_elsevier
}

@xdata{j_enidm,
 journal = {Electronic Notes in Discrete Mathematics},
 issn = {1571-0653},
 publisher = p_elsevier,
 address = pa_elsevier
}

@xdata{j_ijoc,
 journal = {{{INFORMS} Journal on Computing}},
 issn = {1091-9856},
 publisher = p_informs,
 address = pa_informs
}

@xdata{j_jacm,
 journal = {Journal of the Association for Computing Machinery ({JACM})},
 issn = {0004-5411},
 publisher = p_acm,
 address = pa_acm
}

@xdata{j_jetai,
 journal = {Journal of Experimental {\&} Theoretical Artificial Intelligence ({JETAI})},
 issn = {0952-813X},
 publisher = p_taylor_and_francis,
 address = pa_taylor_and_francis
}

@xdata{j_jlfnvaac,
 journal = {Journal of Low Frequency Noise, Vibration and Active Control},
 issn = {1461-3484},
 publisher = p_sage_publications_ltd,
 address = pa_sage_publications_ltd
}

@xdata{j_jors,
 journal = {The Journal of the Operational Research Society ({JORS})},
 publisher = p_taylor_and_francis,
 address = pa_taylor_and_francis,
 issn = {0160-5682}
}

@xdata{j_jos,
 journal = {Journal of Scheduling},
 issn = {1094-6136},
 publisher = p_springer_science_business_media,
 address = pa_springer_science_business_media
}

@xdata{j_jsea,
 journal = {Journal of Software Engineering and Applications ({JSEA})},
 issn = {1945-3116},
 publisher = p_scientific_research_publishing_inc,
 address = pa_scientific_research_publishing_inc
}

@xdata{j_mans,
 journal = {Management Science},
 issn = {0025-1909},
 publisher = p_informs,
 address = pa_informs,
}

@xdata{j_mor,
 journal = {Mathematics of Operations Research ({MOR})},
 issn = {0364-765X},
 publisher = p_informs,
 address = pa_informs,
}

@xdata{j_mpc,
 journal = {Mathematical Programming Computation ({MPC}): A Publication of the Mathematical Optimization Society},
 issn = {1867-2949},
 publisher = p_springer_nature_switzerland,
 address = pa_springer_nature_switzerland
}

@xdata{j_nrlq,
 journal = {Naval Research Logistics Quarterly},
 publisher = p_wiley_and_sons_ltd,
 address = pa_wiley_and_sons_ltd
}

@xdata{j_ojoc,
 journal = {{ORSA} Journal on Computing},
 issn = {0899-1499},
 publisher = p_orsa
}

@xdata{j_ors,
 journal = {{O}perations-{R}esearch-{S}pektrum ({OR} Spectrum)},
 issn = {0171-6468},
 publisher = p_springer_verlag_gmbh,
 address = pa_springer_verlag_gmbh
}

@xdata{j_rtriqr,
 journal = {Railway Technical Research Institute, Quarterly Reports (QR)},
 issn = {0033-9008},
 publisher = p_railway_technical_research_institute,
 address = pa_railway_technical_research_institute
}

@xdata{j_sa,
 journal = {Scientific American},
 issn = {1946-7087},
 publisher = p_springer_nature_america,
 address = pa_springer_nature_america
}

@xdata{j_sr,
 journal = {{SIAM} Review},
 issn = {0036-1445},
 publisher = p_siam,
 address = pa_siam
}

@xdata{j_zor,
 journal = {Zeitschrift f{\"u}r Operations Research ({ZOR}) -- Methods and Models of Operations Research},
 publisher = p_physika_verlag,
 address = pa_physika_verlag,
 issn = {0340-9422}
}


%% series
@xdata{ser_adm,
 series = {Annals of Discrete Mathematics},
 publisher = p_elsevier,
 address = pa_elsevier,
 issn = {0167-5060}
}

@xdata{ser_coop,
 series = {Combinatorial Optimization ({COOP})},
 oripublisher = pa_kluwer_usa # {: } # p_kluwer_usa,
 publisher = p_springer_new_york,
 address = pa_springer_new_york
}

@xdata{ser_ctms,
 series = {Contributions to Management Science},
 publisher = p_physika_verlag,
 address = pa_physika_verlag,
 issn = {1431-1941}
}

@xdata{ser_esacwisidmao,
 series = {Estimation, Simulation, and Control {--} Wiley-Interscience Series in Discrete Mathematics and Optimization},
 publisher = p_wiley_interscience_uk,
 address = pa_wiley_interscience_uk,
 issn = {0277-2698}
}

@xdata{ser_hoorams,
 series = {Handbooks of Operations Research and Management Science},
 publisher = p_elsevier,
 address = pa_elsevier,
 issn = {0927-0507}
}

@xdata{ser_isor,
 series = {International Series in Operations Research \& Management Science ({ISOR})},
 publisher = p_springer_international_publishing,
 address = pa_springer_international_publishing,
 issn = {0884-8289}
}

@xdata{ser_lncs,
 series = {Lecture Notes in Computer Science ({LNCS})},
 publisher = p_springer_verlag_gmbh,
 address = pa_springer_verlag_gmbh,
 issn = {0302-9743},
}

@xdata{ser_lntcs,
 series = {Theoretical Computer Science and General Issues ({LNTCS}), sub-series of Lecture Notes in Computer Science ({LNCS})},
 xdata = {ser_lncs},
 issn = {2512-2010},
 publisher = p_springer_switzerland,
 address = pa_springer_switzerland
}

@xdata{ser_mics,
 series = {Monographs in Computer Science},
 publisher = p_springer_new_york,
 address = pa_springer_new_york,
 issn = {0172-603X}
}

@xdata{ser_orcsis,
 series = {Operations Research/Computer Science Interfaces Series},
 publisher = p_springer_new_york,
 address = pa_springer_new_york,
 issn = {1387-666X}
}

@xdata{ser_psam,
 publisher = p_princeton_university_press,
 address = pa_princeton_university_press,
 series = {Princeton Series in Applied Mathematics},
}

@xdata{ser_sici,
 series = {Studies in Computational Intelligence ({SCI})},
 publisher = p_springer_verlag_gmbh,
 address = pa_springer_verlag_gmbh,
 issn = {1860-949X}
}

@xdata{ser_tirss,
 series = {The {IBM} Research Symposia Series},
 publisher = p_springer_boston,
 address = pa_springer_boston
}

@xdata{ser_wsidmao,
 series = {Wiley Series in Discrete Mathematics and Optimization},
 publisher = p_wiley_and_sons_ltd,
 address = pa_wiley_and_sons_ltd
}

@xdata{ser_zvegdwiih,
 author = a_bachmann_paul_gustav_heinrich,
 publisher = p_teubner_b_g,
 address = pa_teubner_b_g,
 series = {Zahlentheorie: Versuch einer Gesamtdarstellung dieser Wissenschaft in ihren Haupttheilen}
}


%% contents
@article{A2008TLOQC,
 author = a_aaronson_scott,
 title = {The Limits of Quantum Computers},
 xdata = {j_sa},
 date = {2008-03},
 url = {http://www.cs.virginia.edu/~robins/The_Limits_of_Quantum_Computers.pdf},
 pages = {62--69},
 doi = {10.1038/scientificamerican0308-62},
 volume = {298},
 number = {3}
}

@article{A2010RIGAFTJSPACS,
 author = a_abdelmaguid_tamer_f,
 title = {Representations in Genetic Algorithm for the Job Shop Scheduling Problem: {A} Computational Study},
 xdata = {j_jsea},
 volume = {3},
 number = {12},
 date = {2010-12},
 pages = {1155--1162},
 doi = {10.4236/jsea.2010.312135},
 url = {http://www.scirp.org/journal/paperinformation.aspx?paperid=3561},
 urldate = {2023-12-18}
}

@book{ABCC2006TTSPACS,
 author = a_applegate_david_lee # { and } # a_bixby_robert_e # { and } # a_chvatal_vasek # { and } # a_cook_william_john,
 title = {The Traveling Salesman Problem: {A} Computational Study},
 xdata = {ser_psam},
 date = {2007},
 edition = {2},
 number = {17},
 isbn = {0-691-12993-2}
}

@article{ABZ1988TSBPFJSS,
 author = a_adams_joseph # { and } # a_balas_egon # { and } # a_zawack_daniel,
 title = {The Shifting Bottleneck Procedure for Job Shop Scheduling},
 date = {1988-03},
 xdata = {j_mans},
 volume = {34},
 number = {3},
 pages = {391--401},
 doi = {10.1287/mnsc.34.3.391}
}

@article{AC1991ACSOTJSSP,
 author = a_applegate_david_lee # { and } # a_cook_william_john,
 title = {A Computational Study of the Job-Shop Scheduling Problem},
 xdata = {j_ojoc},
 volume = {3},
 number = {2},
 pages = {149--156},
 date = {1991-05},
 doi = {10.1287/ijoc.3.2.149},
 addendum = {The JSSP instances used were generated in Bonn, Germany in 1986}
}

@article{ANCK2008ASOSPWSTOC,
 title = {A Survey of Scheduling Problems with Setup Times or Costs},
 author = a_allahverdi_ali # { and } # a_ng_chi_to_daniel # { and } # a_cheng_edwin_tai_chiu # { and } # a_kovalyov_mikhail_y,
 xdata = {j_ejor},
 volume = {187},
 number = {3},
 date = {2008-06},
 pages = {985--1032},
 doi = {10.1016/j.ejor.2006.06.060}
}

@book{B1894DAZDVPB,
 title = {{Die Analytische Zahlentheorie} / {Dargestellt von Paul Bachmann}},
 xdata = {ser_zvegdwiih},
 number = {{Zweiter Theil}},
 date = {1894},
 isbn = {1418169633},
 url = {http://gallica.bnf.fr/ark:/12148/bpt6k994750},
 urldate = {2023-12-13}
}

@article{B1990OLDTPBEM,
 author = a_beasley_john_edward,
 title = {{OR-Library}: Distributing Test Problems by Electronic Mail},
 xdata = {j_jors},
 volume = {41},
 pages = {1069--1072},
 date = {1990-11},
 doi = {10.1057/jors.1990.166}
}

@article{B1995AGPATJSSWGA,
 author = a_bierwirth_christian,
 title = {A Generalized Permutation Approach to Job Shop Scheduling with Genetic Algorithms},
 xdata = {j_ors},
 date = {1995-06},
 volume = {17},
 number = {2--3},
 pages = {87--92},
 url = {https://www.researchgate.net/publication/240263036},
 urldate = {2023-12-18},
 doi = {10.1007/BF01719250}
}

@incollection{BB2009NO,
 author = a_bronstein_alexander_m # { and } # a_bronstein_michael_m,
 title = {Numerical Optimization},
 booktitle = {Project {TOSCA} {--} Tools for Non-Rigid Shape Comparison and Analysis},
 publisher = p_technion_cs,
 address = pa_technion_cs,
 date = {2009-01-25},
 url = {https://tosca.cs.technion.ac.il/book/slides/Stanford09_optimization.ppt},
 urldate = {2023-12-16},
 addendum = {Slides related to the book \citetitle{BBK2008NGONRS}~\cite{BBK2008NGONRS}}
}

@book{BBK2008NGONRS,
 author = a_bronstein_alexander_m # { and } # a_bronstein_michael_m # { and } # a_kimmel_ron,
 title = {Numerical Geometry of Non-Rigid Shapes},
 xdata = {ser_mics},
 date = {2008-09},
 doi = {10.1007/978-0-387-73301-2},
 isbn = {978-0-387-73300-5}
}

@incollection{BCPP1998TQAP,
 author = a_burkard_rainer_e # { and } # a_cela_eranda # { and } # a_pardalos_panos_m # { and } # a_pitsoulis_leonidas_s,
 title = {The Quadratic Assignment Problem},
 crossref = {PDG1998HOCO},
 pages = {1713--1809},
 doi = {10.1007/978-1-4613-0303-9_27},
 url = {https://www.researchgate.net/publication/2762357},
 urldate = {2023-12-05},
 addendum = {See also {Bericht} {Nr.~126} -- {Mai~1998}, Spezialforschungsbereich~F~003: Optimierung und Kontrolle, Projektbereich Diskrete Optimierung of the Karl-Franzens-Universit{\"a}t Graz and the Technische Universit{\"a}t Graz}
}

@article{BDP1996TJSSPCANST,
 author = a_blazewicz_jacek # { and } # a_domschke_wolfgang # { and } # a_pesch_erwin,
 title = {The Job Shop Scheduling Problem: {C}onventional and New Solution Techniques},
 xdata = {j_ejor},
 date = {1996-08},
 volume = {93},
 number = {1},
 pages = {1--33},
 doi = {10.1016/0377-2217(95)00362-2}
}

@article{BK1957APATLOEA,
 author = a_beckmann_martin # { and } # a_koopmans_tjalling_charles,
 title = {Assignment Problems and the Location of Economic Activities},
 xdata = {j_econ},
 date = {1957-01},
 volume = {25},
 number = {1},
 pages = {53--76}
}

@collection{BKG1982MPTSOTA,
 editor = a_bachem_achim # { and } # a_korte_bernhard_h # { and } # a_groetschel_martin,
 booktitle = {Math Programming: The State of the Art},
 date = {1982},
 address = l_germany_bonn,
 publisher = p_springer_verlag_gmbh,
 doi = {10.1007/978-3-642-68874-4},
 isbn = {978-3-642-68876-8}
}

@inproceedings{BMK1996OPRFSP,
 author = a_bierwirth_christian # { and } # a_mattfeld_dirk_c # { and } # a_kopfer_herbert,
 title = {On Permutation Representations for Scheduling Problems},
 crossref = {PROC1996PPSN},
 pages = {310--318},
 doi = {10.1007/3-540-61723-X_995},
 url = {https://www.researchgate.net/publication/2753293},
 urldate = {2023-12-18}
}

@inproceedings{C1971TCOTPP,
 author = a_cook_stephen_arthur,
 title = {The Complexity of Theorem-Proving Procedures},
 crossref = {PROC1971STOC},
 pages = {151--158},
 doi = {10.1145/800157.805047}
}

@book{C2021WT,
 author = a_cook_william_john,
 title = {World {TSP}},
 date = {2021-02-15},
 publisher = p_university_of_waterloo_dco,
 address = pa_university_of_waterloo_dco,
 url = {https://www.math.uwaterloo.ca/tsp/world/},
 urldate = {2023-12-07}
}

@collection{CD2009NIFSPAPP,
 editor = a_chiong_raymond # { and } # a_dhakal_sandeep,
 title = {Natural Intelligence for Scheduling, Planning and Packing Problems},
 date = {2009-10},
 xdata = {ser_sici},
 number = {250},
 doi = {10.1007/978-3-642-04039-9},
 isbn = {978-3-642-04038-2}
}

@article{CEG2007CWDPIFTSPT,
 author = a_cook_william_john # { and } # a_espinoza_daniel_g # { and } # a_goycoolea_marcos,
 title = {Computing with Domino-Parity Inequalities for the Traveling Salesman Problem~({TSP})},
 xdata = {j_ijoc},
 volume = {19},
 number = {3},
 date = {2007-08},
 pages = {356--365},
 doi = {10.1287/ijoc.1060.0204},
 url = {http://www.dii.uchile.cl/~daespino/PApers/DP_paper.pdf},
 urldate = {2023-12-07}
}

@collection{CGLL1995STAIA,
 editor = a_chretienne_philippe # { and } # a_coffman_edward_g # { and } # a_lenstra_jan_karel # { and } # a_liu_zhen,
 title = {Scheduling Theory and Its Applications},
 date = {1995-09},
 isbn = {978-0-471-94059-3},
 publisher = p_wiley_and_sons_ltd,
 address = pa_wiley_and_sons_ltd
}

@article{CGT1996ATSOJSSPUGAIR,
 author = a_cheng_runwei # { and } # a_gen_mitsuo # { and } # a_tsujimura_yasuhiro,
 title = {A Tutorial Survey of Job-Shop Scheduling Problems using Genetic Algorithms -- {I}.~{R}epresentation},
 xdata = {j_caie},
 volume = {30},
 number = {4},
 date = {1996-09},
 pages = {983--997},
 doi = {10.1016/0360-8352(96)00047-2}
}

@incollection{CPW1998AROMSCAAA,
 author = a_chen_bo # { and } # a_potts_chris_n # { and } # a_woeginger_gerhard_j,
 title = {A Review of Machine Scheduling: {C}omplexity, Algorithms and Approximability},
 editor = {Ding{-}Zhu Du and Panos M. Pardalos},
 crossref = {PDG1998HOCO},
 pages = {1493--1641},
 doi = {10.1007/978-1-4613-0303-9_25},
 addendum = {See also pages~21--169 in volume~3/3 by } # pa_kluwer_usa # {: } # p_kluwer_usa
}

@book{DF1992CAPIPADATAB,
 author = a_dyckhoff_harald # { and } # a_finke_ute,
 title = {Cutting and Packing in Production and Distribution: A Typology and Bibliography},
 date = {1992},
 xdata = {ser_ctms},
 doi = {10.1007/978-3-642-58165-6},
 isbn = {978-3-642-63487-1}
}

@article{DIM2016BPACSPMMAEA,
 author = a_delorme_maxence # { and } # a_iori_manuel # { and } # a_martello_silvano,
 title = {Bin Packing and Cutting Stock Problems: Mathematical Models and Exact Algorithms},
 xdata = {j_ejor},
 date = {2016-11},
 volume = {255},
 number = {1},
 pages = {1--20},
 doi = {10.1016/j.ejor.2016.04.030}
}

@article{DEPBS2012SMMIADDP,
 author = a_davis_jim # { and } # a_edgar_thomas_f # { and } # a_porter_james # { and } # a_bernaden_john # { and } # a_sarli_michael,
 title = {Smart Manufacturing, Manufacturing Intelligence and Demand-Dynamic Performance},
 xdata = {j_cace},
 date = {2012-12},
 volume = {47},
 pages = {145--156},
 doi = {10.1016/j.compchemeng.2012.06.037}
}

@article{DMU1998BFSSP,
 author = a_demirkol_ebru # { and } # a_mehta_sanjay_v # { and } # a_uzsoy_reha,
 title = {Benchmarks for Shop Scheduling Problems},
 xdata = {j_ejor},
 volume = {109},
 number = {1},
 date = {1998-08},
 pages = {137--141},
 doi = {10.1016/S0377-2217(97)00019-2}
}

@incollection{FT1963PLCOLJSSR,
 author = a_fisher_henry # { and } # a_thompson_gerald_l,
 title = {Probabilistic Learning Combinations of Local Job-Shop Scheduling Rules},
 crossref = {MT1963IS},
 date = {1963},
 chapter = {3.2},
 pages = {225--251}
}

@book{GJ1979CAIAGTTTONC,
 author = a_garey_michael_r # { and } # a_johnson_david_stiffler,
 title = {Computers and Intractability: {A} Guide to the Theory of {NP}-Completeness},
 date = {1979},
 publisher = p_freeman_and_company,
 address = pa_freeman_and_company,
 isbn = {0-7167-1045-5}
}

@article{GJR1991OCOPADMACS,
 author = a_groetschel_martin # { and } # a_juenger_michael # { and } # a_reinelt_gerhard,
 title = {Optimal Control of Plotting and Drilling Machines: {A} Case Study},
 xdata = {j_zor},
 date = {1991-01},
 volume = {35},
 number = {1},
 pages = {61--84},
 doi = {10.1007/BF01415960},
}

@article{GJS1976TCOFAJS,
 author = a_garey_michael_r # { and } # a_johnson_david_stiffler # { and } # a_sethi_ravi,
 title = {The Complexity of Flowshop and Jobshop Scheduling},
 xdata = {j_mor},
 volume = {1},
 number = {2},
 pages = {117--129},
 date = {1976-05},
 doi = {10.1287/moor.1.2.117}
}

@article{GL2010ETSMBRSFTJSSP,
 author = a_gharbi_anis # { and } # a_labidi_mohamed,
 title = {Extending the Single Machine-Based Relaxation Scheme for the Job Shop Scheduling Problem},
 xdata = {j_enidm},
 volume = {36},
 pages = {1057--1064},
 date = {2010-08},
 doi = {10.1016/j.endm.2010.05.134}
}

@incollection{GLLRK1979OAAIDSASAS,
 author = a_graham_ronald_lewis # { and } # a_lawler_eugene_leighhton # { and } # a_lenstra_jan_karel # { and } # a_rinnooy_kan_a_h_k,
 title = {Optimization and Approximation in Deterministic Sequencing and Scheduling: {A} Survey},
 crossref = {HJK1797DOIPOTARIODOASAOTSSPONAOTDOSCOBICASBAAV},
 pages = {287--326},
 doi = {10.1016/S0167-5060(08)70356-X},
 url = {https://ir.cwi.nl/pub/18052/18052A.pdf},
 urldate = {2023-12-06}
}

@collection{GP2002TTSPAIV,
 editor = a_gutin_gregory_z # { and } # a_punnen_abraham_p,
 title = {The Traveling Salesman Problem and its Variations},
 date = {2002},
 xdata = {ser_coop},
 number = {12},
 doi = {10.1007/b101971},
 isbn = {0-306-48213-4}
}

@collection{GRKZ1993PPAI,
 editor = a_graves_stephen_c # { and } # a_rinnooy_kan_a_h_k # { and } # a_zipkin_paul_h,
 booktitle = {Production Planning and Inventory},
 date = {1993},
 number = {{IV}},
 xdata = {ser_hoorams},
 publisher = p_north_holland,
 address = pa_north_holland,
 isbn = {978-0-444-87472-6}
}

@inproceedings{GTK1994SJSSPBGA,
 author = a_gen_mitsuo # { and } # a_tsujimura_yasuhiro # { and } # a_kubota_erika,
 title = {Solving Job-Shop Scheduling Problems by Genetic Algorithm},
 crossref = {PROC1994SMC2},
 doi = {10.1109/ICSMC.1994.400072}
}

@phdthesis{H2002PJSSP,
 author = a_henning_andre,
 title = {Praktische Job-Shop Scheduling-Probleme},
 school = p_friedrich_schiller_uni_jena_mi,
 address = pa_friedrich_schiller_uni_jena_mi,
 date = {2002-08},
 url = {https://www.db-thueringen.de/servlets/MCRFileNodeServlet/dbt_derivate_00001373/Dissertation.pdf},
 urldate = {2023-12-07}
}

@article{H2009GKOSFTLKTH,
 author = a_helsgaun_keld,
 title = {General k-opt Submoves for the {Lin-Kernighan} {TSP} Heuristic},
 xdata = {j_mpc},
 date = {2009-10},
 number = {2-3},
 volume = {1},
 pages = {119--163},
 doi = {10.1007/s12532-009-0004-6}
}

@collection{HJK1797DOIPOTARIODOASAOTSSPONAOTDOSCOBICASBAAV,
 booktitle = {Discrete Optimization~{II}: Proceedings of the Advanced Research Institute on Discrete Optimization and Systems Applications of the Systems Science Panel of {NATO} and of the Discrete Optimization Symposium co-sponsored by {IBM} Canada and {SIAM} Banff, Aha.\ and Vancouver, } # aug # {~1-31, 1977, B.C.~Canada},
 editor = a_hammer_peter_l # { and } # a_johnson_e_l # { and } # a_korte_bernhard_h, 
 xdata = {ser_adm},
 date = {1979},
 number = {5},
}

@inproceedings{HPO2016DPFI4S,
 author = a_hermann_mario # { and } # a_pentek_tobias # { and } # a_otto_boris,
 title = {Design Principles for Industrie~4.0 Scenarios},
 crossref = {PROC2016HICSS},
 doi = {10.1109/HICSS.2016.488},
 pages = {3928--3937}
}

@article{IMNFM1997ENSFRTSB,
 title = {Effective Nose Shape for Reducing Tunnel Sonic Boom},
 author = a_iida_masanobu # { and } # a_matsumura_tsuyoshi # { and } # a_nakatani_koji # { and } # a_fukuda_takashi # { and } # a_maeda_tatsuo,
 date = {1997-11},
 xdata = {j_rtriqr},
 volume = {38},
 number = {4},
 pages = {206--211}
}

@article{J1954OTATSPSWSTI,
 author = a_johnson_selmer_martin, 
 title = {Optimal Two- and Three-Stage Production Schedules with Setup Times Included},
 xdata = {j_nrlq},
 date = {1954-03},
 volume = {I},
 number = {1},
 pages = {61--68},
 doi = {10.1002/nav.3800010110},
 url = {https://www.rand.org/content/dam/rand/pubs/papers/2008/P402.pdf},
 urldate = {2023-12-06},
}

@article{JM1999DJSSPPAF,
 author = a_jain_anant_singh # { and } # a_meeran_sheik,
 title = {Deterministic Job-Shop Scheduling: {P}ast, Present and Future},
 xdata = {j_ejor},
 volume = {113},
 number = {2},
 pages = {390--434},
 date = {1999-03},
 doi = {10.1016/S0377-2217(98)00113-1},
}

@incollection{K1972RACP,
 author = a_karp_richard_m,
 title = {Reducibility Among Combinatorial Problems},
 crossref = {MTB1972COCC},
 doi = {10.1007/978-1-4684-2001-2_9},
 pages = {85--103}
}

@book{K2000SORCP,
 author = a_klein_robert,
 title = {Scheduling of Resource-Constrained Projects},
 xdata = {ser_orcsis},
 number = {10},
 date = {2000},
 doi = {10.1007/978-1-4615-4629-0},
 isbn = {978-0-7923-8637-7}
}

@article{KBBDCGJLMPQSVBY2016GLPFOR,
 author = a_kendall_graham # { and } # a_bai_ruibin # { and } # a_blazewicz_jacek # { and } # a_de_causmaecker_patrick # { and } # a_grendrau_michel # { and } # a_john_robert_i # { and } #  a_li_jiawei # { and } # a_mccollum_barry # { and } # a_pesch_erwin # { and } # a_qu_rong # { and } # a_sabar_nasser # { and } # a_vanden_berghe_greet # { and } # a_yee_angelina,
 title = {Good Laboratory Practice for Optimization Research},
 xdata = {j_jors},
 date = {2016},
 volume = {67},
 number = {4},
 pages = {676--689},
 doi = {10.1057/jors.2015.77},
 url = {http://www.graham-kendall.com/papers/ketal2016.pdf},
 urldate = {2023-12-16}
}

@article{KIF2011OOTNSFRMPWRFTE,
 author = a_kikuchi_katsuhiro # { and } # a_iida_masanobu # { and } # a_fukuda_takashi,
 title = {Optimization of Train Nose Shape for Reducing Micro-Pressure Wave Radiated from Tunnel Exit},
 xdata = {j_jlfnvaac},
 volume = {30},
 number = {1},
 date = {2011-03},
 pages = {1--19},
 doi = {10.1260/0263-0923.30.1.1}
}

@inproceedings{KW2002OTUOREIMBES,
 author = a_knowles_joshua_d # { and } # a_watson_richard_a,
 title = {On the Utility of Redundant Encodings in Mutation-Based Evolutionary Search},
 crossref = {PROC2002PPSN},
 pages = {88--98},
 url = {https://www.researchgate.net/publication/220701781},
 urldate = {2023-12-18},
 doi = {10.1007/3-540-45712-7_9},
}

@book{L1909HDLVDVDP,
 author = a_landau_edmund,
 title = {{Handbuch der Lehre von der Verteilung der Primzahlen}},
 publisher = p_teubner_b_g,
 address = pa_teubner_b_g,
 date = {1909},
 isbn = {0821826506}
}

@incollection{L1982RRITTOMS,
 author = a_lawler_eugene_leighhton,
 title = {Recent Results in the Theory of Machine Scheduling},
 crossref = {BKG1982MPTSOTA},
 pages = {202--234},
 doi = {10.1007/978-3-642-68874-4_9},
 chapter = {8}
}

@phdthesis{L1998RCPSAEIOHSTS,
 author = a_lawrence_stephen_r,
 date = {1984},
 title = {Resource Constrained Project Scheduling: An Experimental Investigation of Heuristic Scheduling Techniques (Supplement)},
 school = p_carnegie_mellon_university_gsoia ,
 institution = p_carnegie_mellon_university_gsoia,
 address = pa_carnegie_mellon_university_gsoia
}

@book{LLRKS1985TTSPAGTOCO,
 author = a_lawler_eugene_leighhton # { and } # a_lenstra_jan_karel # { and } # a_rinnooy_kan_a_h_k # { and } # a_shmoys_david_b,
 title = {The Traveling Salesman Problem: {A} Guided Tour of Combinatorial Optimization},
 date = {1985-09},
 xdata = {ser_esacwisidmao},
 isbn = {0-471-90413-9}
}

@incollection{LLRKS1993SASAAC,
 author = a_lawler_eugene_leighhton # { and } # a_lenstra_jan_karel # { and } # a_rinnooy_kan_a_h_k # { and } # a_shmoys_david_b,
 title = {Sequencing and Scheduling: Algorithms and Complexity},
 crossref = {GRKZ1993PPAI},
 date = {1993},
 chapter = {9},
 pages = {445--522},
 doi = {10.1016/S0927-0507(05)80189-6},
 url = {http://alexandria.tue.nl/repository/books/339776.pdf},
 urldate = {2023-12-06}
}

@article{LMM2002TDPPAS,
 author = a_lodi_anrea # { and } # a_martello_silvano # { and } # a_monaci_michele,
 title = {Two-Dimensional Packing Problems: {A} Survey},
 xdata = {j_ejor},
 date = {2002-09},
 volume = {141},
 number = {2},
 pages = {241--252},
 doi = {10.1016/S0377-2217(02)00123-6}
}

@book{MAM2021TROAIRWAFRAMG,
 author = a_michalewicz_zbigniew # { and } # a_arantes_leonardo # { and } # a_michalewicz_matthew,
 title = {The Rise of Artificial Intelligence: Real-world Applications for Revenue and Margin Growth},
 date = {2021},
 publisher = p_hybrid_publishers,
 address = pa_hybrid_publishers,
 isbn = {978-1925736625}
}

@book{MF2004HTSIMH,
 author = a_michalewicz_zbigniew # { and } # a_fogel_david_b,
 title = {How to Solve It: Modern Heuristics},
 edition = {2},
 publisher = p_springer_verlag_gmbh,
 address = pa_springer_verlag_gmbh,
 date = {2004},
 isbn = {978-3-540-22494-5},
 doi = {10.1007/978-3-662-07807-5}
}

@collection{MT1963IS,
 booktitle = {Industrial Scheduling},
 editor = a_muth_john_f # { and } # a_thompson_gerald_l,
 publisher = p_prentice_hall,
 address = pa_prentice_hall,
 date = {1963},
}

@book{MT1990KPAACI,
 author = a_martello_silvano # { and } # a_toth_paolo,
 title = {Knapsack Problems: Algorithms and Computer Implementations},
 date = {1990},
 xdata = {ser_wsidmao},
 isbn = {978-0471924203},
 url = {http://www.or.deis.unibo.it/knapsack.html},
 urldate = {2023-12-07}
}

@collection{MTB1972COCC,
 editor = a_miller_raymond_e # { and } # a_thatcher_james_w # { and } # a_bohlinger_jean_d,
 booktitle = {Complexity of Computer Computations: Proceedings of a symposium on the {Complexity of Computer Computations}, held } # mar # {~20-22, 1972, at the {IBM} {Thomas J.\ Watson Research Center}, {Yorktown Heights}, {New York}, and sponsored by the {Office} of {Naval Research}, {Mathematics Program}, {IBM} {World Trade Corporation}, and the {IBM} {Research Mathematical Sciences Department}},
 date = {1972},
 xdata = {ser_tirss},
 isbn = {978-1-4684-2003-6},
 doi = {10.1007/978-1-4684-2001-2},
}

@article{NK2013APGAUEACFTTSP,
 author = a_nagata_yuichi # { and } # a_kobayashi_shigenobu,
 title = {A Powerful Genetic Algorithm using Edge Assembly Crossover for the Traveling Salesman Problem},
 xdata = {j_ijoc},
 date = {2013-21},
 volume = {25},
 number = {2},
 pages = {346--363},
 doi = {10.1287/ijoc.1120.0506}
}

@book{P2016STAAS,
 author = a_pinedo_michael_l,
 title = {Scheduling: Theory, Algorithms, and Systems},
 date = {2016},
 publisher = p_springer_international_publishing,
 address = pa_springer_international_publishing,
 isbn = {978-3-319-26578-0},
 edition = {5},
 doi = {10.1007/978-3-319-26580-3}
}

@collection{PDG1998HOCO,
 title = {Handbook of Combinatorial Optimization},
 editor = a_pardalos_panos_m # { and } # a_du_ding_zhu # { and } # a_graham_ronald_lewis,
 date = {1998},
 edition = {1},
 publisher = p_springer_boston,
 address = pa_springer_boston,
 isbn = {978-1-4613-7987-4},
}

@proceedings{PROC1971STOC,
 booktitle = {Proceedings of the Third Annual {ACM} Symposium on Theory of Computing {(STOC'71)}, } # may # {~3--5, 1971, {Shaker Heights, {OH}, {USA}}},
 editor = a_harrison_michael_a # { and } # a_banerji_ranan_b # { and } # a_ullman_jeffrey_d,
 date = {1971},
 publisher = p_acm,
 address = pa_acm,
 isbn = {978-1-4503-7464-4}
}

@proceedings{PROC1992PPSN,
 booktitle = {Proceedings of Parallel Problem Solving from Nature~2 ({PPSN~II}), } # sep # {~28--30, 1992, } # l_belgium_brussels,
 editor = a_manner_reinhard # { and } # a_manderick_bernard,
 publisher = p_elsevier_science,
 address = pa_elsevier_science,
 date = {1992},
 isbn = {978-0-444-89730-5}
}

@proceedings{PROC1994SMC2,
 booktitle = {Humans, Information and Technology: Proceedings of the 1994 {IEEE} International Conference on Systems, Man and Cybernetics ({SMC}), } # oct # {~2--5, 1994, } # l_usa_san_antonio,
 volume = {2},
 publisher = p_ieee,
 address = pa_ieee,
 date = {1994},
 isbn = {0-7803-2129-4},
 doi = {10.1109/ICSMC.1994}
}

@proceedings{PROC1996CDC4,
 booktitle = {Proceedings of the 35th {IEEE} Conference on Decision and Control ({CDC}'96), } # dec # {~11--13, 1996, } # l_japan_kobe,
 publisher = p_ieee,
 address = pa_ieee,
 volume = {4},
 date = {1997},
 isbn = {0-7803-3590-2},
 doi = {10.1109/CDC.1996}
}

@proceedings{PROC1996PPSN,
 booktitle = {Proceedings of the 4th International Conference on Parallel Problem Solving from Nature ({PPSN~IV}), } # sep # {~22--24, 1996, } # l_germany_berlin,
 editor = a_voigt_hans_michael # { and } # a_ebeling_werner # { and } # a_rechenberg_ingo # { and } # a_schwefel_hans_paul,
 xdata = {ser_lncs},
 number = {1141/1996},
 date = {1996},
 isbn = {3-540-61723-X},
 doi = {10.1007/3-540-61723-X}
}

@proceedings{PROC1997UNICOMMHFDS,
 booktitle = {Proceedings of Modern Heuristic for Decision Support, } # mar # {18--19, 1997, } # l_uk_london,
 date = {1997},
 publisher = p_unicom_seminars,
 address = pa_unicom_seminars
}

@proceedings{PROC2002PPSN,
 booktitle = {Proceedings of the 7th International Conference on Parallel Problem Solving from Nature ({PPSN~VII}), } # sep # {~7--11, 2002, } # l_spain_granada,
 editor = a_merelo_guervos_juan_julian # { and } # a_adamidis_panagiotis # { and } # a_beyer_hans_georg # { and } # a_schwefel_hans_paul # { and } # a_fernandez_villacanas_jose_luis,
 date = {2002},
 xdata = {ser_lncs},
 number = {2439},
 isbn = {978-3-540-44139-7},
 publisher = {Springer-Verlag GmbH},
 address = {Berlin/Heidelberg, Germany},
 doi = {10.1007/3-540-45712-7}
}

@proceedings{PROC2009EVOWORKSHOPS,
 booktitle = {Applications of Evolutionary Computing {--} Proceedings of {EvoWorkshops 2009}: {EvoCOMNET, EvoENVIRONMENT, EvoFIN, EvoGAMES, EvoHOT, EvoIASP, EvoINTERACTION, EvoMUSART, EvoNUM, EvoSTOC, EvoTRANSLOG}, } # apr # {~15--17, 2009, } # l_germany_tubingen,
 date = {2009},
 editor = a_giacobini_mario # { and } # a_machado_penousal # { and } # a_brabazon_anthony # { and } # a_mccormack_jon # { and } # a_cagnoni_stefano # { and } # a_oneill_michael # { and } # a_di_caro_gianni_a # { and } # a_neri_ferrante # { and } # a_ekart_aniko # { and } # a_preuss_mike # { and } # a_esparcia_alcazar_anna_isabel # { and } # a_rothlauf_franz # { and } # a_farooq_muddassar # { and } # a_tarantino_ernesto # { and } # a_fink_andreas # { and } # a_yang_shengxiang,
 xdata = {ser_lncs},
 number = {5484/2009},
 doi = {10.1007/978-3-642-01129-0}
}

@proceedings{PROC2015CPAIOR,
 booktitle = {Proceedings of 12th International Conference on {AI} and {OR} Techniques in Constriant Programming for Combinatorial Optimization Problems {(CPAIOR'2015)}, } # may # {~18-22, 2015, } # l_spain_barcelona,
 xdata = {ser_lntcs},
 number = {9075},
 date = {2015},
 editor = a_michel_laurent,
 doi = {10.1007/978-3-319-18008-3},
 isbn = {978-3-319-18007-6}
}

@proceedings{PROC2016GECCOCompanion,
 editor = a_friedrich_tobias # { and } # a_neumann_frank # { and } # a_sutton_andrew_m,
 title = {Companion Material Proceedings of the Genetic and Evolutionary Computation Conference {(GECCO'16)}, } # jul # {~20-24, 2016, } # l_usa_denver,
 publisher = p_acm,
 address = pa_acm,
 date = {2016},
 doi = {10.1145/2908961},
 isbn = {978-1-4503-4323-7},
}

@proceedings{PROC2016HICSS,
 booktitle = {Proceedings of the 2016 49th Hawaii International Conference on System Sciences ({HICSS}), } # jan # {~5--8, 2016, } # l_usa_kola,
 date = {2016},
 isbn = {978-0-7695-5670-3},
 publisher = p_ieee_compsoc,
 address = pa_ieee_compsoc,
 editor = a_bui_tung_x # { and } # a_sprague_jr_ralph_h,
}

@article{PS2009FYOSASOM,
 author = a_potts_chris_n # { and } # a_strusevich_vitaly_a,
 title = {Fifty Years of Scheduling: {A} Survey of Milestones},
 xdata = {j_jors},
 date = {2009},
 volume = {60},
 number = {sup1},
 addendum = {Special Issue: Milestones in {OR}},
 pages = {S41--S68},
 doi = {10.1057/jors.2009.2},
 url = {http://eprints.soton.ac.uk/145495/1/Scheduling50YearsE-Print.pdf},
 urldate = {2023-12-06}
}

@article{S1961TBWPAPA,
 author = {Leon Steinberg},
 title = {The Backboard Wiring Problem: A Placement Algorithm},
 xdata = {j_sr},
 date = {1961-01},
 volume = {3},
 number = {1},
 pages = {37--50},
 doi = {10.1137/1003003},
}

@collection{S2013HTAA,
 editor = a_siarry_patrick,
 booktitle = {Heuristics: Theory and Applications},
 isbn = {1624176372},
 date = {2013},
 publisher = p_nova_science_publishers,
 address = pa_nova_science_publishers
}

@book{S2018ITCAPOPMASM,
 author = a_scheithauer_guntram,
 title = {Introduction to Cutting and Packing Optimization: Problems, Modeling Approaches, Solution Methods},
 date = {2018},
 xdata = {ser_isor},
 number = {263},
 doi = {10.1007/978-3-319-64403-5},
 isbn = {978-3-319-64402-8}
}

@online{S2019JSSPH,
 author = a_shylo_oleg_v,
 title = {Job Shop Scheduling (Personal Homepage)},
 address = l_usa_knoxville,
 url = {http://optimizizer.com/jobshop.php},
 date = {2019-08},
 urldate = {2023-12-07}
}

@article{SGA1976PCAP,
 author = a_sahni_sartaj # { and } # a_gonzalez_arce_teofilo_francisco,
 title = {{P}-Complete Approximation Problems},
 xdata = {j_jacm},
 date = {1976-07},
 volume = {23},
 number = {3},
 pages = {555--565},
 doi = {10.1145/321958.321975},
 url = {https://sites.cs.ucsb.edu/~teo/papers/JACM-PCom.pdf},
 urldate = {2023-12-05}
}

@inproceedings{SIS1997NESFSJSPBGA,
 title = {New Encoding Scheme for Solving Job Shop Problems by Genetic Algorithm},
 author = a_shi_guoyong # { and } # a_iima_hitoshi # { and } # a_sannomiya_nobu,
 crossref = {PROC1996CDC4},
 pages = {4395--4400},
 doi = {10.1109/CDC.1996.577484},
 url = {https://www.researchgate.net/publication/224238934},
 urldate = {2023-12-18}
}

@article{SWV1992NSSFSPWATJSS,
 author = a_storer_robert_h # { and } # a_wu_david_s # { and } # a_vaccari_renzo,
 title = {New Search Spaces for Sequencing Problems with Application to Job Shop Scheduling},
 doi = {10.1287/mnsc.38.10.1495},
 date = {1992},
 xdata = {j_mans},
 volume = {38},
 pages = {1495--1509},
 number = {10}
}

@article{T1993BFBSP,
 author = a_taillard_eric_d,
 title = {Benchmarks for Basic Scheduling Problems},
 xdata = {j_ejor},
 date = {1993-01},
 volume = {64},
 number = {2},
 pages = {278--285},
 doi = {10.1016/0377-2217(93)90182-M},
 url = {http://mistic.heig-vd.ch/taillard/articles.dir/Taillard1993EJOR.pdf},
 urldate = {2023-12-06}
}

@book{T1993SI,
 author = a_taillard_eric_d,
 title = {Scheduling Instances},
 publisher = p_university_of_applied_sciences_western_switzerland,
 address = pa_university_of_applied_sciences_western_switzerland, 
 url = {http://mistic.heig-vd.ch/taillard/problemes.dir/ordonnancement.dir/ordonnancement.html},
 urldate = {2023-12-07},
 date = {1993}
}

@article{VAL1996JSSBLS,
 author = a_vaessens_rob_j_m # { and }  # a_aarts_emile_h_l # { and } # a_lenstra_jan_karel,
 title = {Job Shop Scheduling by Local Search},
 xdata = {j_ijoc},
 volume = {8},
 number = {3},
 pages = {302--317},
 date = {1996-22},
 doi = {10.1287/ijoc.8.3.302}
}

@online{vH2015JSIAS,
 author = a_van_hoorn_jelke_jeron,
 title = {Job Shop Instances and Solutions},
 url = {http://jobshop.jjvh.nl},
 urldate = {2023-12-07},
 date = {2015}
}

@phdthesis{vH2016DPFRASOSOD,
 author = a_van_hoorn_jelke_jeron,
 title = {Dynamic Programming for Routing and Scheduling: {O}ptimizing Sequences of Decisions},
 date = {2016-06},
 school = p_vrije_universiteit_amsterdam,
 publisher = p_vrije_universiteit_amsterdam,
 address = pa_vrije_universiteit_amsterdam,
 url = {http://jobshop.jjvh.nl/dissertation},
 urldate = {2023-12-07},
 isbn = {978-94-6332-008-5}
}

@article{vH2018TCSOBOBIOTJSSP,
 author = a_van_hoorn_jelke_jeron,
 title = {The Current State of Bounds on Benchmark Instances of the Job-Shop Scheduling Problem},
 xdata = {j_jos},
 date = {2018-02},
 volume = {21},
 number = {1},
 pages = {127--128},
 doi = {10.1007/s10951-017-0547-8}
}

@inproceedings{VLS2015FDSFCBS,
 author = a_vilim_petr # { and } # a_laborie_philippe # { and } # a_shaw_paul,
 title = {Failure-Directed Search for Constraint-Based Scheduling},
 crossref = {PROC2015CPAIOR},
 pages = {437--453},
 doi = {10.1007/978-3-319-18008-3_30},
 url = {https://www.researchgate.net/publication/280223626},
 urldate = {2023-12-17}
}

@article{W2003GCACA,
 author = a_wilson_james_m,
 title = {Gantt Charts: {A} Centenary Appreciation},
 xdata = {j_ejor},
 volume = {149},
 number = {2},
 date = {2003-09},
 pages = {430--437},
 doi = {10.1016/S0377-2217(02)00769-5},
 url = {http://www-public.imtbs-tsp.eu/~gibson/Teaching/Teaching-ReadingMaterial/Wilson03.pdf},
 urldate = {2023-12-15}
}

@book{W2009GOATAA,
 author = a_weise_thomas,
 title = {Global Optimization Algorithms {--} Theory and Application},
 date = {2009},
 publisher = p_iao,
 address = pa_iao,
 url = {http://iao.hfuu.edu.cn/images/publications/W2009GOEB.pdf},
 urldate = {2023-12-05}
}

@incollection{W2013GAFSSPAS,
 author = a_werner_frank,
 title = {Genetic Algorithms for Shop Scheduling Problems: {A} Survey},
 crossref = {S2013HTAA},
 chapter = {8},
 pages = {161--222},
 url = {https://www.researchgate.net/publication/236267741},
 urldate = {2023-12-18}
}

@inproceedings{W2016BNMDPCADIM,
 author = a_whitley_l_darrell,
 title = {Blind No More: Deterministic Partition Crossover and Deterministic Improving Moves},
 crossref = {PROC2016GECCOCompanion},
 pages = {515--532},
 doi = {10.1145/2908961.2926987},
}

@book{W2019JRDAIOTJSSP,
 author = a_weise_thomas,
 title = {{jsspInstancesAndResults}: Results, Data, and Instances of the Job Shop Scheduling Problem},
 publisher = p_iao,
 address = pa_iao,
 date = {2019},
 url = {http://github.com/thomasWeise/jsspInstancesAndResults},
 urldate = {2023-12-07},
 addendum = {A {GitHub} repository with the common benchmark instances for the {Job} {Shop} {Scheduling} {Problem} as well as results from the literature, both in form of {CSV} files and R program code to access them.}
}

@incollection{WPG2009SRWVRPWEA,
 author = a_weise_thomas # { and } # a_podlich_alexander # { and } # a_gorldt_christian,
 title = {Solving Real-World Vehicle Routing Problems with Evolutionary Algorithms},
 crossref = {CD2009NIFSPAPP},
 chapter = {2},
 pages = {29--53},
 doi = {10.1007/978-3-642-04039-9_2},
 url = {http://iao.hfuu.edu.cn/images/publications/WPG2009SRWVRPWEA.pdf},
 urldate = {2023-12-05}
}

@inproceedings{WPRGG2009EFTP,
 author = a_weise_thomas # { and } # a_podlich_alexander # { and } # a_reinhard_kai # { and } # a_gorldt_christian # { and } # a_geihs_kurt,
 title = {Evolutionary Freight Transportation Planning},
 booktitle = {Applications of Evolutionary Computing {--} Proceedings of {EvoWorkshops 2009}: {EvoCOMNET, EvoENVIRONMENT, EvoFIN, EvoGAMES, EvoHOT, EvoIASP, EvoINTERACTION, EvoMUSART, EvoNUM, EvoSTOC, EvoTRANSLOG}, } # apr # {~15--17, 2009, } # l_germany_tubingen,
 crossref = {PROC2009EVOWORKSHOPS},
 pages = {768--777},
 doi = {10.1007/978-3-642-01129-0_87},
 url = {http://iao.hfuu.edu.cn/images/publications/WPRGG2009EFTP.pdf},
 urldate = {2023-12-07}
}

@article{WWLC2019IIIOADTM,
 author = a_weise_thomas # { and } # a_wu_yuezhong # { and } # a_liu_weichen # { and } # a_chiong_raymond,
 title = {Implementation Issues in Optimization Algorithms: Do They Matter?},
 xdata = {j_jetai},
 volume = {31},
 number = {4},
 pages = {533--554},
 date = {2019},
 doi = {10.1080/0952813X.2019.1574908}
}

@inproceedings{YN1992AGAATLSJSI,
 author = a_yamada_takeshi # { and } # a_nakano_ryohei,
 title = {A Genetic Algorithm Applicable to Large-Scale Job-Shop Instances},
 crossref = {PROC1992PPSN},
 pages = {281--290},
 url = {https://www.researchgate.net/publication/220701684},
 urldate = {2023-12-07}
}

@inproceedings{YN1997GAFJSSP,
 author = a_yamada_takeshi # { and } # a_nakano_ryohei,
 title = {Genetic Algorithms for Job-Shop Scheduling Problems},
 crossref = {PROC1997UNICOMMHFDS},
 pages = {67--81},
 url = {https://www.researchgate.net/publication/2804648},
 urldate = {2023-12-18}
}
